@inproceedings{bau2008octopocus,
    title={OctoPocus: a dynamic guide for learning gesture-based command sets},
    author={Bau, Olivier and Mackay, Wendy E},
    booktitle={Proceedings of the 21st annual ACM symposium on User interface software and technology},
    pages={37--46},
    year={2008},
    organization={ACM}
}

@inproceedings{baudisch1993halo,
    title={Halo: a technique for visualizing offscreen location},
    author={Baudisch, Patrick and Rosenholtz, Ruth},
    booktitle={In Proceedings of the Conference on Human Factors in Computing Systems CHI’03},
    year={1993},
    organization={Citeseer}
}

@inproceedings{djajadiningrat2002but,
    title={But how, Donald, tell us how?: on the creation of meaning in interaction design through feedforward and inherent feedback},
    author={Djajadiningrat, Tom and Overbeeke, Kees and Wensveen, Stephan},
    booktitle={Proceedings of the 4th conference on Designing interactive systems: processes, practices, methods, and techniques},
    pages={285--291},
    year={2002},
    organization={ACM}
}

@article{djajadiningrat2004tangible,
    title={Tangible products: redressing the balance between appearance and action},
    author={Djajadiningrat, Tom and Wensveen, Stephan and Frens, Joep and Overbeeke, Kees},
    journal={Personal and Ubiquitous Computing},
    volume={8},
    number={5},
    pages={294--309},
    year={2004},
    publisher={Springer}
}

@phdthesis{chueke2016perceptible,
    title={Perceptible affordances and feedforward for gestural interfaces: Assessing effectiveness of gesture acquisition with unfamiliar interactions},
    author={Chueke, Jacques},
    year={2016},
    school={City, University of London}
}

@inproceedings{freitag2012enhanced,
    title={Enhanced feed-forward for a user aware multi-touch device},
    author={Freitag, Georg and Tr{\"a}nkner, Michael and Wacker, Markus},
    booktitle={Proceedings of the 7th Nordic Conference on Human-Computer Interaction: Making Sense Through Design},
    pages={578--586},
    year={2012},
    organization={ACM}
}

@inproceedings{gustafson2008wedge,
    title={Wedge: clutter-free visualization of off-screen locations},
    author={Gustafson, Sean and Baudisch, Patrick and Gutwin, Carl and Irani, Pourang},
    booktitle={Proceedings of the SIGCHI Conference on Human Factors in Computing Systems},
    pages={787--796},
    year={2008},
    organization={ACM}
}

@article{liu2011mobile,
    title={Mobile augmented note-taking to support operating physical devices},
    author={Liu, Can and Diehl, Jonathan and Huot, St{\'e}phane and Borchers, Jan},
    year={2011}
}

@book{norman2013design,
    title={The design of everyday things: Revised and expanded edition},
    author={Norman, Donald A},
    year={2013},
    publisher={Basic books}
}

@inproceedings{park2014previewable,
    title={The previewable switch: a light switch with feedforward},
    author={Park, Richard Chulwoo and Lee, Hyunjae and Kim, Hwan and Lee, Woohun},
    booktitle={Proceedings of the 2014 conference on Designing interactive systems},
    pages={191--194},
    year={2014},
    organization={ACM}
}

@book{rheingold1991virtual,
    title={Virtual Reality: Exploring the Brave New Technologies},
    author={Rheingold, Howard},
    year={1991},
    publisher={Simon \& Schuster Adult Publishing Group}
}

@inproceedings{vermeulen2009bet,
    title={I bet you look good on the wall: Making the invisible computer visible},
    author={Vermeulen, Jo and Slenders, Jonathan and Luyten, Kris and Coninx, Karin},
    booktitle={European Conference on Ambient Intelligence},
    pages={196--205},
    year={2009},
    organization={Springer}
}

@inproceedings{vermeulen2012understanding,
    title={Understanding Complex Environments with the Feedforward Torch},
    author={Vermeulen, Jo and Luyten, Kris and Coninx, Karin},
    booktitle={International Joint Conference on Ambient Intelligence},
    pages={312--319},
    year={2012},
    organization={Springer}
}

@inproceedings{vermeulen2013crossing,
    title={Crossing the bridge over Norman's Gulf of Execution: revealing feedforward's true identity},
    author={Vermeulen, Jo and Luyten, Kris and van den Hoven, Elise and Coninx, Karin},
    booktitle={Proceedings of the SIGCHI Conference on Human Factors in Computing Systems},
    pages={1931--1940},
    year={2013},
    organization={ACM}
}

@inproceedings{vermeulen2013intelligibility,
    title={Intelligibility Required: How to Make Us Look Smart Again},
    author={Vermeulen, Jo and Luyten, Kris and Coninx, Karin},
    booktitle={Proceedings of the 10th Romanian Conference on Human-Computer Interaction, ROCHI},
    volume={13},
    pages={36},
    year={2013}
}

@article{weiser1991computer,
    title={The computer for the 21st century},
    author={Weiser, Mark},
    journal={Scientific american},
    volume={265},
    number={3},
    pages={94--104},
    year={1991},
    publisher={Nature Publishing Group}
}

@article{weiser1993some,
    title={Some computer science issues in ubiquitous computing},
    author={Weiser, Mark},
    journal={Communications of the ACM},
    volume={36},
    number={7},
    pages={75--84},
    year={1993},
    publisher={ACM}
}

@incollection{weiser1997coming,
    title={The coming age of calm technology},
    author={Weiser, Mark and Brown, John Seely},
    booktitle={Beyond calculation},
    pages={75--85},
    year={1997},
    publisher={Springer}
}

@inproceedings{wensveen2004interaction,
    title={Interaction frogger: a design framework to couple action and function through feedback and feedforward},
    author={Wensveen, Stephan AG and Djajadiningrat, Johan Partomo and Overbeeke, CJ},
    booktitle={Proceedings of the 5th conference on Designing interactive systems: processes, practices, methods, and techniques},
    pages={177--184},
    year={2004},
    organization={ACM}
}

@misc{FileTROY82:online,
    author = {},
    title = {File:TROYADAMS-LE-30.jpg - Wikimedia Commons},
    howpublished = {\url{https://commons.wikimedia.org/wiki/File\%3ATROYADAMS-LE-30.jpg}},
    month = {},
    year = {},
    note = {(Accessed on 07/29/2018)}
}

@article{weiser1996designing,
    title={Designing calm technology},
    author={Weiser, Mark and Brown, John Seely},
    journal={PowerGrid Journal},
    volume={1},
    number={1},
    pages={75--85},
    year={1996},
    publisher={Citeseer}
}

@inproceedings{sutherland1968head,
    title={A head-mounted three dimensional display},
    author={Sutherland, Ivan E},
    booktitle={Proceedings of the December 9-11, 1968, fall joint computer conference, part I},
    pages={757--764},
    year={1968},
    organization={ACM}
}

@article{sutherland1965ultimate,
    title={The ultimate display},
    author={Sutherland, Ivan E},
    journal={Multimedia: From Wagner to virtual reality},
    pages={506--508},
    year={1965}
}

@techreport{rosenberg1992use,
    title={The Use of Virtual Fixtures as Perceptual Overlays to Enhance Operator Performance in Remote Environments.},
    author={Rosenberg, Louis B},
    year={1992},
    institution={Stanford Univ Ca Center for Design Research}
}

@misc{Microsof99:online,
    author = {},
    title = {Microsoft/MixedRealityToolkit-Unity: MixedRealityToolkit-Unity uses code from the base MixedRealityToolkit repository and makes it easier to consume in Unity.},
    howpublished = {\url{https://github.com/Microsoft/MixedRealityToolkit-Unity}},
    month = {},
    year = {},
    note = {(Accessed on 08/19/2018)}
}

@inproceedings{rovelo2015gestu,
  title={Gestu-Wan-an intelligible mid-air gesture guidance system for walk-up-and-use displays},
  author={Rovelo, Gustavo and Degraen, Donald and Vanacken, Davy and Luyten, Kris and Coninx, Karin},
  booktitle={Human-Computer Interaction},
  pages={368--386},
  year={2015},
  organization={Springer}
}

@article{abowd2000charting,
  title={Charting past, present, and future research in ubiquitous computing},
  author={Abowd, Gregory D and Mynatt, Elizabeth D},
  journal={ACM Transactions on Computer-Human Interaction (TOCHI)},
  volume={7},
  number={1},
  pages={29--58},
  year={2000},
  publisher={ACM}
}

@misc{HowPokem83:online,
author = {},
title = {How Pokemon Go Took Augmented Reality Mainstream},
howpublished = {\url{http://knowledge.wharton.upenn.edu/article/how-pokemon-go-took-augmented-reality-mainstream/}},
month = {},
year = {},
note = {(Accessed on 08/24/2018)}
}

@misc{Snapchat36:online,
author = {},
title = {Snapchat introduces World Lenses – live filters for just about anything | TechCrunch},
howpublished = {\url{https://techcrunch.com/2017/04/18/snapchat-introduces-world-lenses-live-filters-for-just-about-anything/}},
month = {},
year = {},
note = {(Accessed on 08/24/2018)}
}

@article{liberati2016augmented,
  title={Augmented reality and ubiquitous computing: the hidden potentialities of augmented reality},
  author={Liberati, Nicola},
  journal={AI \& society},
  volume={31},
  number={1},
  pages={17--28},
  year={2016},
  publisher={Springer}
}

@misc{Wearable31:online,
author = {},
title = {Wearable Specialist Streye is Selling Google Glass to Businesses | Digital Trends},
howpublished = {\url{https://www.digitaltrends.com/computing/google-glass-enterprise-streye/}},
month = {},
year = {},
note = {(Accessed on 08/24/2018)}
}

@misc{Microsof18:online,
author = {},
title = {Microsoft's next HoloLens may cost less and arrive early 2019 - CNET},
howpublished = {\url{https://www.cnet.com/news/microsofts-next-hololens-may-cost-less-and-arrive-early-2019/}},
month = {},
year = {},
note = {(Accessed on 08/24/2018)}
}

@misc{MagicLea40:online,
author = {},
title = {Magic Leap One: Creator's Edition now available to buy in US},
howpublished = {\url{https://www.trustedreviews.com/news/magic-leap-one-release-date-3359749}},
month = {},
year = {},
note = {(Accessed on 08/24/2018)}
}

@inproceedings{nielsen1990heuristic,
  title={Heuristic evaluation of user interfaces},
  author={Nielsen, Jakob and Molich, Rolf},
  booktitle={Proceedings of the SIGCHI conference on Human factors in computing systems},
  pages={249--256},
  year={1990},
  organization={ACM}
}
